@article{Olson2009RealtimeCS,
  title={Real-time correlative scan matching},
  author={Edwin Olson},
  journal={2009 IEEE International Conference on Robotics and Automation},
  year={2009},
  pages={4387-4393}
}

@article{Kmmerle2009OnMT,
  title={On measuring the accuracy of SLAM algorithms},
  author={Rainer K{\"u}mmerle and Bastian Steder and Christian Dornhege and Michael Ruhnke and Giorgio Grisetti and C. Stachniss and Alexander Kleiner},
  journal={Autonomous Robots},
  year={2009},
  volume={27},
  pages={387-407}
}

@inproceedings{Nashed2021RobustRD,
  title={Robust Rank Deficient SLAM},
  author={Samer B. Nashed and Jong Jin Park and Ronald Webster and Joseph W. Durham},
  year={2021}
}

@article{Nguyen2005ACO,
  title={A comparison of line extraction algorithms using 2D laser rangefinder for indoor mobile robotics},
  author={Viet Nguyen and Agostino Martinelli and Nicola Tomatis and Roland Y. Siegwart},
  journal={2005 IEEE/RSJ International Conference on Intelligent Robots and Systems},
  year={2005},
  pages={1929-1934}
}
